@manual{stm32f4_datasheet,
    organization  = "STMicroelectronics",
    title         = "Description of STM32F4 HAL and low-layer drivers",
    number        = "UM1725",
    year          =  2023,
    month         =  3,    
    note          = "Rev 8"
}


@manual{st7920_datasheet,
    organization  = "Sitronix",
    title         = "ST7920 Chinese Fonts built in LCD controller/driver",
    number        = "TJA1043",
    year          =  2008,
    month         =  8,    
    note          = "V4.0"
}

@online{glcd_tut,
    title = {GLCD 128x64 ST7920 interfacing with STM32},  
    author = {Controllers Tech},  
    year = {2020},
    url = {https://controllerstech.com/glcd-128x64-st7920-interfacing-with-stm32/}
}

@online{uart,
    title = {How to Receive Data using UART in STM32},  
    author = {Controllers Tech},  
    year = {2019},
    url = {https://controllerstech.com/uart-receive-in-stm32/}
}
@online{timer,
    title = {Getting Started with STM32 - Timers and Timer Interrupts},  
    author = {ShawnHymel}, 
    url = {https://www.digikey.com/en/maker/projects/getting-started-with-stm32-timers-and-timer-interrupts/d08e6493cefa486fb1e79c43c0b08cc6}
}
@online{uart_windows,
    title = {Reading incoming serial data with windows using C},  
    author = {NickG}, 
    year = {2020},
    url = {https://stackoverflow.com/questions/63798718/reading-incoming-serial-data-with-windows-using-c}
}